@article{paszke2017automatic,
  title={Automatic differentiation in {PyTorch}},
  author={Paszke, Adam and Gross, Sam and Chintala, Soumith and Chanan, Gregory and Yang, Edward and DeVito, Zachary and Lin, Zeming and Desmaison, Alban and Antiga, Luca and Lerer, Adam},
  year={2017}
}

@inproceedings{abadi2016tensorflow,
  title={Tensorflow: A system for large-scale machine learning},
  author={Abadi, Mart{\'\i}n and Barham, Paul and Chen, Jianmin and Chen, Zhifeng and Davis, Andy and Dean, Jeffrey and Devin, Matthieu and Ghemawat, Sanjay and Irving, Geoffrey and Isard, Michael and others},
  booktitle={12th $\{$USENIX$\}$ Symposium on Operating Systems Design and Implementation ($\{$OSDI$\}$ 16)},
  pages={265--283},
  year={2016}
}

@inproceedings{ke2017lightgbm,
  title={{LightGBM}: A highly efficient gradient boosting decision tree},
  author={Ke, Guolin and Meng, Qi and Finley, Thomas and Wang, Taifeng and Chen, Wei and Ma, Weidong and Ye, Qiwei and Liu, Tie-Yan},
  booktitle={Advances in Neural Information Processing Systems},
  pages={3146--3154},
  year={2017}
}

@misc{howard2018fastai,
  title={fastai},
  author={Howard, Jeremy and others},
  year={2018},
  publisher={GitHub},
  howpublished={\url{https://github.com/fastai/fastai}},
}

@article{pedregosa2011scikit,
  title={Scikit-learn: Machine learning in {Python}},
  author={Pedregosa, Fabian and Varoquaux, Ga{\"e}l and Gramfort, Alexandre and Michel, Vincent and Thirion, Bertrand and Grisel, Olivier and Blondel, Mathieu and Prettenhofer, Peter and Weiss, Ron and Dubourg, Vincent and others},
  journal={Journal of machine learning research},
  volume={12},
  number={Oct},
  pages={2825--2830},
  year={2011}
}

#for citing MLlib and PySpark
@article{meng2016mllib,
  title={{MLlib: Machine learning in Apache Spark}},
  author={Meng, Xiangrui and Bradley, Joseph and Yavuz, Burak and Sparks, Evan and Venkataraman, Shivaram and Liu, Davies and Freeman, Jeremy and Tsai, DB and Amde, Manish and Owen, Sean and others},
  journal={The Journal of Machine Learning Research},
  volume={17},
  number={1},
  pages={1235--1241},
  year={2016},
  publisher={JMLR. org}
}

@online{krekel2004pytest,
  title = {pytest x.y},
  author = {Krekel, Holger and Oliveira, Bruno and Pfannschmidt, Ronny and Bruynooghe, Floris and Laugher, Brianna and Bruhin, Florian},
  year = {2004},
  howpublished = {\url{https://github.com/pytest-dev/pytest}},
}

@online{nteract2017papermill,
  title = {papermill},
  author = {nteract},
  year = {2017},
  howpublished = {\url{https://github.com/nteract/papermill}},
}

@Misc{Surprise,
author =   {Hug, Nicolas},
title =    { {S}urprise, a {P}ython library for recommender systems},
howpublished = {\url{http://surpriselib.com}},
year = {2017}
}


@Misc{nni,
author = {Microsoft},
title = {NNI library},
howpublished = {\url{https://github.com/microsoft/nni}},
year = {2018}
}

#for citing ALS
@article{koren2009matrix,
  title={Matrix factorization techniques for recommender systems},
  author={Koren, Yehuda and Bell, Robert and Volinsky, Chris},
  journal={Computer},
  number={8},
  pages={30--37},
  year={2009},
  publisher={IEEE}
}

@inproceedings{wang2018dkn,
  title={DKN: Deep knowledge-aware network for news recommendation},
  author={Wang, Hongwei and Zhang, Fuzheng and Xie, Xing and Guo, Minyi},
  booktitle={Proceedings of the 2018 World Wide Web Conference on World Wide Web},
  pages={1835--1844},
  year={2018},
  organization={International World Wide Web Conferences Steering Committee}
}

@inproceedings{lian2018xdeepfm,
  title={{xDeepFM}: Combining explicit and implicit feature interactions for recommender systems},
  author={Lian, Jianxun and Zhou, Xiaohuan and Zhang, Fuzheng and Chen, Zhongxia and Xie, Xing and Sun, Guangzhong},
  booktitle={Proceedings of the 24th ACM SIGKDD International Conference on Knowledge Discovery \& Data Mining},
  pages={1754--1763},
  year={2018},
  organization={ACM}
}

@inproceedings{he2017neural,
  title={Neural collaborative filtering},
  author={He, Xiangnan and Liao, Lizi and Zhang, Hanwang and Nie, Liqiang and Hu, Xia and Chua, Tat-Seng},
  booktitle={Proceedings of the 26th International Conference on World Wide Web},
  pages={173--182},
  year={2017},
  organization={International World Wide Web Conferences Steering Committee}
}

@inproceedings{salakhutdinov2007restricted,
  title={Restricted Boltzmann machines for collaborative filtering},
  author={Salakhutdinov, Ruslan and Mnih, Andriy and Hinton, Geoffrey},
  booktitle={Proceedings of the 24th international conference on Machine learning},
  pages={791--798},
  year={2007},
  organization={ACM}
}

@InProceedings{diev2015sar,
    title = {SAR: Smart Adaptative Recommendation Algorithm},
    author = {V. Diev},
    booktitle = {Machine Learning and Data Science Conference (MLADS) Redmond 2015},
    year = {2015}
}


#For citing SVD
@inproceedings{PMF,
  title={Probabilistic matrix factorization},
  author={Mnih, Andriy and Salakhutdinov, Ruslan R},
  booktitle={Advances in Neural Information Processing Systems},
  pages={1257--1264},
  year={2008}
}

@inproceedings{SVD++,
  title={Factorization meets the neighborhood: a multifaceted collaborative filtering model},
  author={Koren, Yehuda},
  booktitle={Proceedings of the 14th ACM SIGKDD international conference on Knowledge discovery and data mining},
  pages={426--434},
  year={2008},
  organization={ACM}
}

# For citing VW
@article{agarwal2014reliable,
  title={A reliable effective terascale linear learning system},
  author={Agarwal, Alekh and Chapelle, Olivier and Dud{\'\i}k, Miroslav and Langford, John},
  journal={The Journal of Machine Learning Research},
  volume={15},
  number={1},
  pages={1111--1133},
  year={2014},
  publisher={JMLR. org}
}

@inproceedings{cheng2016wide,
  title={Wide \& deep learning for recommender systems},
  author={Cheng, Heng-Tze and Koc, Levent and Harmsen, Jeremiah and Shaked, Tal and Chandra, Tushar and Aradhye, Hrishi and Anderson, Glen and Corrado, Greg and Chai, Wei and Ispir, Mustafa and others},
  booktitle={Proceedings of the 1st workshop on deep learning for recommender systems},
  pages={7--10},
  year={2016},
  organization={ACM}
}

@article{li2016hyperband,
  title={Hyperband: A novel bandit-based approach to hyperparameter optimization},
  author={Li, Lisha and Jamieson, Kevin and DeSalvo, Giulia and Rostamizadeh, Afshin and Talwalkar, Ameet},
  journal={arXiv preprint arXiv:1603.06560},
  year={2016}
}

@inproceedings{pelikan1999boa,
  title={BOA: The Bayesian optimization algorithm},
  author={Pelikan, Martin and Goldberg, David E and Cant{\'u}-Paz, Erick},
  booktitle={Proceedings of the 1st Annual Conference on Genetic and Evolutionary Computation-Volume 1},
  pages={525--532},
  year={1999},
  organization={Morgan Kaufmann Publishers Inc.}
}

@online{joeglekar2018evidence,
  author = {Joglekar, Nikhil and Gonz{\'a}lez-Fierro, Miguel},
  title = {Evidence-Based Software Design},
  year = 2018,
  note = {Accessed: 2019-09-05},
  howpublished = {\url{https://miguelgfierro.com/blog/2018/evidence-based-software-design/}},
}

# original paper EBD
@article{kembel2012architectural,
  title={Architectural design influences the diversity and structure of the built environment microbiome},
  author={Kembel, Steven W and Jones, Evan and Kline, Jeff and Northcutt, Dale and Stenson, Jason and Womack, Ann M and Bohannan, Brendan JM and Brown, GZ and Green, Jessica L},
  journal={The ISME journal},
  volume={6},
  number={8},
  pages={1469},
  year={2012},
  publisher={Nature Publishing Group}
}

@online{gonzalez-fierro2018beginners,
  author = {Gonz{\'a}lez-Fierro, Miguel},
  title = {A Beginner's Guide To Python Testing},
  year = 2018,
  note = {Accessed: 2019-09-05},
  howpublished = {\url{https://miguelgfierro.com/blog/2018/a-beginners-guide-to-python-testing/}},
}

@article{zaharia2018accelerating,
  title={Accelerating the Machine Learning Lifecycle with {MLflow}.},
  author={Zaharia, Matei and Chen, Andrew and Davidson, Aaron and Ghodsi, Ali and Hong, Sue Ann and Konwinski, Andy and Murching, Siddharth and Nykodym, Tomas and Ogilvie, Paul and Parkhe, Mani and others},
  journal={IEEE Data Eng. Bull.},
  volume={41},
  number={4},
  pages={39-45},
  year={2018}
}

@article{bernstein2014containers,
  title={Containers and cloud: From lxc to docker to kubernetes},
  author={Bernstein, David},
  journal={IEEE Cloud Computing},
  volume={1},
  number={3},
  pages={81--84},
  year={2014},
  publisher={IEEE}
}

@online{mckinsey,
author = {Ian MacKenzie and Chris Meyer and Steve Noble},
title = {How retailers can keep up with consumers},
year = {2013},
howpublished = {\url{https://www.mckinsey.com/industries/retail/our-insights/how-retailers-can-keep-up-with-consumers}}
}

@article{Tapestry,
  title={Using collaborative filtering to weave an information tapestry},
  author={Goldberg, David and Nichols, David and Oki, Brian M and Terry, Douglas},
  journal={Communications of the ACM},
  volume={35},
  number={12},
  pages={61--71},
  year={1992},
  publisher={Association for Computing Machinery, Inc.}
}

@article{grouplens,
  title={{GroupLens}: applying collaborative filtering to {Usenet} news},
  author={Konstan, Joseph A and Miller, Bradley N and Maltz, David and Herlocker, Jonathan L and Gordon, Lee R and Riedl, John},
  journal={Communications of the ACM},
  volume={40},
  number={3},
  pages={77--87},
  year={1997},
  publisher={ACM}
}

@inproceedings{netflix,
  title={The {Netflix} prize},
  author={Bennett, James and Lanning, Stan and others},
  booktitle={Proceedings of KDD cup and workshop},
  volume={2007},
  pages={35},
  year={2007},
  organization={New York, NY, USA.}
}

@article{bell_lessons,
  title={Lessons from the {Netflix} prize challenge.},
  author={Bell, Robert M. and Koren, Yehuda},
  journal={SIGKDD Explorations},
  volume={9},
  number={2},
  pages={75--79},
  year={2007},
  publisher={Citeseer}
}

@inproceedings{rendle,
  title={Factorization machines},
  author={Rendle, Steffen},
  booktitle={2010 IEEE International Conference on Data Mining},
  pages={995--1000},
  year={2010},
  organization={IEEE}
}

@inproceedings{ffm,
  title={Field-aware factorization machines for {CTR} prediction},
  author={Juan, Yuchin and Zhuang, Yong and Chin, Wei-Sheng and Lin, Chih-Jen},
  booktitle={Proceedings of the 10th ACM Conference on Recommender Systems},
  pages={43--50},
  year={2016},
  organization={ACM}
}

@article{pairwise,
  title={Label ranking by learning pairwise preferences},
  author={H{\"u}llermeier, Eyke and F{\"u}rnkranz, Johannes and Cheng, Weiwei and Brinker, Klaus},
  journal={Artificial Intelligence},
  volume={172},
  number={16-17},
  pages={1897--1916},
  year={2008},
  publisher={Elsevier}
}

@inproceedings{bpr,
  title={{BPR}: Bayesian personalized ranking from implicit feedback},
  author={Rendle, Steffen and Freudenthaler, Christoph and Gantner, Zeno and Schmidt-Thieme, Lars},
  booktitle={Proceedings of the 25th Conference on Uncertainty in Artificial Intelligence},
  pages={452--461},
  year={2009},
  organization={AUAI Press}
}

@inproceedings{pnn,
  title={Product-based neural networks for user response prediction},
  author={Qu, Yanru and Cai, Han and Ren, Kan and Zhang, Weinan and Yu, Yong and Wen, Ying and Wang, Jun},
  booktitle={2016 IEEE 16th International Conference on Data Mining (ICDM)},
  pages={1149--1154},
  year={2016},
  organization={IEEE}
}

@inproceedings{youtube,
 author = {Covington, Paul and Adams, Jay and Sargin, Emre},
 title = {Deep Neural Networks for {YouTube} Recommendations},
 booktitle = {Proceedings of the 10th ACM Conference on Recommender Systems},
 series = {RecSys '16},
 year = {2016},
 isbn = {978-1-4503-4035-9},
 location = {Boston, Massachusetts, USA},
 pages = {191--198},
 numpages = {8},
 url = {http://doi.acm.org/10.1145/2959100.2959190},
 doi = {10.1145/2959100.2959190},
 acmid = {2959190},
 publisher = {ACM},
 address = {New York, NY, USA},
 keywords = {deep learning, recommender system, scalability},
} 

@article{nvidia,
  title={Training deep autoencoders for collaborative filtering},
  author={Kuchaiev, Oleksii and Ginsburg, Boris},
  journal={arXiv preprint arXiv:1708.01715},
  year={2017}
}

@inproceedings{survival,
  title={Neural survival recommender},
  author={Jing, How and Smola, Alexander J.},
  booktitle={Proceedings of the Tenth ACM International Conference on Web Search and Data Mining},
  pages={515--524},
  year={2017},
  organization={ACM}
}

@inproceedings{multiverse,
  title={Multiverse recommendation: n-dimensional tensor factorization for context-aware collaborative filtering},
  author={Karatzoglou, Alexandros and Amatriain, Xavier and Baltrunas, Linas and Oliver, Nuria},
  booktitle={Proceedings of the fourth ACM conference on Recommender systems},
  pages={79--86},
  year={2010},
  organization={ACM}
}

@inproceedings{explainable,
  title={Explore, exploit, and explain: personalizing explainable recommendations with bandits},
  author={McInerney, James and Lacker, Benjamin and Hansen, Samantha and Higley, Karl and Bouchard, Hugues and Gruson, Alois and Mehrotra, Rishabh},
  booktitle={Proceedings of the 12th ACM Conference on Recommender Systems},
  pages={31--39},
  year={2018},
  organization={ACM}
}

@inproceedings{mnar,
  title={Training and testing of recommender systems on data missing not at random},
  author={Steck, Harald},
  booktitle={Proceedings of the 16th ACM SIGKDD international conference on Knowledge discovery and data mining},
  pages={713--722},
  year={2010},
  organization={ACM}
}

@inproceedings{offline,
  title={Offline {A/B} testing for recommender systems},
  author={Gilotte, Alexandre and Calauz{\`e}nes, Cl{\'e}ment and Nedelec, Thomas and Abraham, Alexandre and Doll{\'e}, Simon},
  booktitle={Proceedings of the Eleventh ACM International Conference on Web Search and Data Mining},
  pages={198--206},
  year={2018},
  organization={ACM}
}


@InProceedings{debiasing,
  title = 	 {Recommendations as Treatments: Debiasing Learning and Evaluation},
  author = 	 {Tobias Schnabel and Adith Swaminathan and Ashudeep Singh and Navin Chandak and Thorsten Joachims},
  booktitle = 	 {Proceedings of The 33rd International Conference on Machine Learning},
  pages = 	 {1670--1679},
  year = 	 {2016},
}

@article{splitdoor,
  title={Split-door criterion: Identification of causal effects through auxiliary outcomes},
  author={Sharma, Amit and Hofman, Jake M and Watts, Duncan J and others},
  journal={The Annals of Applied Statistics},
  volume={12},
  number={4},
  pages={2699--2733},
  year={2018},
  publisher={Institute of Mathematical Statistics}
}

@inproceedings{counterfactual,
  title={The self-normalized estimator for counterfactual learning},
  author={Swaminathan, Adith and Joachims, Thorsten},
  booktitle={Advances in Neural Information Processing Systems},
  pages={3231--3239},
  year={2015}
}

@inproceedings{rl_explainable,
  title={A Reinforcement Learning Framework for Explainable Recommendation},
  author={Wang, Xiting and Chen, Yiru and Yang, Jie and Wu, Le and Wu, Zhengtao and Xie, Xing},
  booktitle={{2018 IEEE International Conference on Data Mining (ICDM)}},
  pages={587--596},
  year={2018},
  organization={IEEE}
}

@inproceedings{rl,
  title={Usage-based web recommendations: a reinforcement learning approach},
  author={Taghipour, Nima and Kardan, Ahmad and Ghidary, Saeed Shiry},
  booktitle={Proceedings of the 2007 {ACM} Conference on Recommender Systems},
  pages={113--120},
  year={2007},
  organization={ACM}
}

@inproceedings{rl_negative,
  title={Recommendations with negative feedback via pairwise deep reinforcement learning},
  author={Zhao, Xiangyu and Zhang, Liang and Ding, Zhuoye and Xia, Long and Tang, Jiliang and Yin, Dawei},
  booktitle={Proceedings of the 24th {ACM SIGKDD} International Conference on Knowledge Discovery \& Data Mining},
  pages={1040--1048},
  year={2018},
  organization={ACM}
}


@article{movielens,
  title={The {MovieLens} Datasets: History and Context},
  author={Harper, F. Maxwell and Konstan, Joseph A.},
  journal={{ACM} transactions on interactive intelligent systems},
  volume={5},
  number={4},
  pages={19},
  year={2016},
  publisher={ACM}
}

@article{wikidata,
  title={Wikidata: A free collaborative knowledgebase},
  author={Vrandecic, Denny and Kr{\"o}tzsch, Markus},
  journal={Communications of the {ACM}},
  volume={57},
  number={10},
  year={2014}
}

@inproceedings{snoek2012practical,
  title={Practical bayesian optimization of machine learning algorithms},
  author={Snoek, Jasper and Larochelle, Hugo and Adams, Ryan P},
  booktitle={Advances in neural information processing systems},
  pages={2951--2959},
  year={2012}
}

@article{zoph2016neural,
  title={Neural architecture search with reinforcement learning},
  author={Zoph, Barret and Le, Quoc V},
  journal={arXiv preprint arXiv:1611.01578},
  year={2016}
}